<record><leader>00000cas a22000007a 4500</leader><controlfield tag="001">17956158</controlfield><controlfield tag="008">880516d19461987laucr ne      0    0eng d</controlfield><datafield ind1=" " ind2=" " tag="010"><subfield code="a">sn 88064425 </subfield></datafield><datafield ind1=" " ind2=" " tag="040"><subfield code="a">LNP</subfield><subfield code="b">eng</subfield><subfield code="c">LNP</subfield><subfield code="d">OCLCQ</subfield></datafield><datafield ind1=" " ind2=" " tag="042"><subfield code="a">msc</subfield></datafield><datafield ind1=" " ind2=" " tag="043"><subfield code="a">n-us-la</subfield></datafield><datafield ind1="0" ind2=" " tag="130"><subfield code="a">Southwest builder (Sulphur, La.)</subfield></datafield><datafield ind1="1" ind2="0" tag="245"><subfield code="a">Southwest builder.</subfield></datafield><datafield ind1="1" ind2="3" tag="246"><subfield code="a">Sulphur southwest builder</subfield></datafield><datafield ind1="3" ind2="0" tag="246"><subfield code="a">West Calcasieu southwest builder</subfield></datafield><datafield ind1=" " ind2=" " tag="260"><subfield code="a">Sulphur, La. :</subfield><subfield code="b">H.P. Hebert Pub. Co.,</subfield><subfield code="c">1946-1987.</subfield></datafield><datafield ind1=" " ind2=" " tag="310"><subfield code="a">Semiweekly,</subfield><subfield code="b">Dec. 5, 1982-May 13, 1987</subfield></datafield><datafield ind1=" " ind2=" " tag="321"><subfield code="a">Weekly,</subfield><subfield code="b">1946-Dec. 1, 1982</subfield></datafield><datafield ind1="0" ind2=" " tag="362"><subfield code="a">Vol. 16, no. 28 (June 21, 1946)-v. 57, no. 38 (May 13, 1987).</subfield></datafield><datafield ind1=" " ind2=" " tag="500"><subfield code="a">Published as: West Calcasieu southwest builder, Jan. 15-Feb. 12, 1960.</subfield></datafield><datafield ind1=" " ind2="0" tag="651"><subfield code="a">Sulpher (La.)</subfield><subfield code="v">Newspapers.</subfield></datafield><datafield ind1=" " ind2=" " tag="752"><subfield code="a">United States</subfield><subfield code="b">Louisiana</subfield><subfield code="c">Calcasieu</subfield><subfield code="d">Sulphur.</subfield></datafield><datafield ind1="0" ind2=" " tag="775"><subfield code="t">Southwest builder news</subfield><subfield code="w">(DLC)sn 88064427</subfield></datafield><datafield ind1="0" ind2="0" tag="780"><subfield code="t">Sulphur southwest builder</subfield><subfield code="w">(DLC)sn 88064426</subfield></datafield><datafield ind1="0" ind2="5" tag="780"><subfield code="t">Southwest star</subfield><subfield code="g">Mar. 1973</subfield><subfield code="w">(DLC)sn 88064407</subfield></datafield><datafield ind1="0" ind2="0" tag="785"><subfield code="t">Southwest builder southwest daily news</subfield><subfield code="w">(DLC)sn 88064424</subfield></datafield><datafield ind1="1" ind2=" " tag="029"><subfield code="a">AU@</subfield><subfield code="b">000020507694</subfield></datafield></record>